@STRING{ildar = {I.~R.~Muftahov}}
@STRING{ildarr = {И.~Р.~Муфтахов}}
@STRING{difur = {Дифференциальные уравнения}}

%ok
@inproceedings{Mfth2013PGU,
	Author = {И.~Р.~Муфтахов},
	Title = {Об одной программной системе моделирования развивающихся динамических систем},
	Booktitle = {Сборник статей {V}{I}{I} {М}ежд. науч.-тех. конференции молодых специалистов, аспирантов и студентов},
	Address = {ПГУ, Пенза},
	Year = {2013},
	Pages = {171--174},
	language={russian}
}

%ok
@inproceedings{Mfth2014GSSCP,
	Author = {Д.~Н.~Сидоров and А.~Н.~Тында and И.~Р.~Муфтахов},
	Title = {О решении слабо регулярных интегральных уравнений I рода, возникающих в моделировании развивающихся систем},
	Booktitle = {Издательство физико-математической литературы, сборник трудов VII {М}еждународного симпозиума <<{О}бобщенные постановки и решения задач управления>> (GSSCP-2014)},
	Address = {г. Геленджик -- с. Дивноморское},
	Year = {2014},
	Pages = {157--160},
	language={russian},
	isbn = {978-5-94052-236-2}
}

@inproceedings{Mfth2014Olh,
	Author = {I.~R.~Muftahov},
	Title = {Numerical Solution of Weakly Regular Volterra Integral Equations of the 1st Kind},
	Booktitle = {Сборник тезисов конференции <<XVI {Б}айкальская международная школа-семинар. {М}етоды Оптимизации и их {П}риложения>>},
	Address = {о. Ольхон},
	Year = {2014},
	Pages = {155--157},
	language={russian}
}

%ok
@inproceedings{Mfth2014PGU,
	Author = {И.~Р.~Муфтахов},
	Title = {Программная реализация численного решения слабо-регулярных уравнений {В}ольтерра {I} рода},
	Booktitle = {Сборник статей {V}{I}{I}{I} {М}ежд. науч.-тех. конференции молодых специалистов, аспирантов и студентов},
	Address = {ПГУ, Пенза},
	Year = {2014},
	Pages = {57--60},
	language={russian}
}

%ok
@inproceedings{Mfth2014rudn,
	Author = {И.~Р.~Муфтахов},
	Title = {О численном решении одного класса нелинейных интегральных уравнений {В}ольтерра первого рода},
	Booktitle = {Тезисы и тексты докладов международной конференции <<{Б}есконечномерный анализ, стохастика, математическое моделирование: новые задачи и методы>>},
	Address = {РУДН, Москва},
	Year = {2014},
	Pages = {149--150},
	language = {russian},
	isbn = {978-5-209-06250-9}
}

@article{Mfth2015Ar,
  title={Numerical solution of {V}olterra integral equations of the first kind with discontinuous kernels},
  author={I.~R.~Muftahov and D. N. Sidorov and A.~N.~Tynda},
  journal={ar{X}iv, {N}umerical {A}nalysis, ar{X}iv:1507.06484v1},	
  year={2015},
  pages={1--14},
  language = {english}
}

@article{Mfth2016Ar,
  title={Application of {V}olterra Equations to Solve Unit Commitment Problem of Optimised Energy Storage and Generation},
  author={Ildar~Muftahov and  Denis~Sidorov and  Aleksei~Zhukov and Daniil~Panasetsky and Aoife~Foley and Yong~Li and Aleksandr~Tynda},
  journal={ar{X}iv, {N}umerical {A}nalysis, ar{X}iv:1608.05221v1},	
  year={2016},
  pages={1--6},
  language = {english}
}

%ok
@inproceedings{Mfth2015SIMJET,
	Author = {И.~Р.~Муфтахов},
	Title = {Об одном методе численного решения интегральных уравнений Вольтерра первого рода},
	Booktitle = {Сборник статей конференции <<Междисциплинарные исследования в области математического моделирования и информатики>>},
	Address = {{S}{I}{M}{J}{E}{T}, Ульяновск},
	Year = {2015},
	Pages = {201--204},
	language={russian}
}

%ok
@inproceedings{Mfth2015amca,
	Author = {И.~Р.~Муфтахов and Д.~Н.~Сидоров and А.~Н.~Тында},
	Title = {О применении интегральных уравнений {В}ольтерра в моделировании развивающихся динамических систем},
	Booktitle = {Тезисы Международной конференции <<Актуальные проблемы вычислительной и прикладной математики – 2015>>, посвященной 90-летию со дня рождения академика Гурия Ивановича Марчука},
	Address = {ИВМиМГ СО РАН, Новосибирск},
	Year = {2015},
	Pages = {12--12},
	language={russian}
}

%ok
@inproceedings{Mfth2015msu,
	Author = {Д.~Н.~Сидоров and А.~Н.~Тында and И.~Р.~Муфтахов},
	Title = {О численных методах решения уравнений {В}ольтерра первого рода с разрывными ядрами},
	Booktitle = {Тезисы докладов международного научного семинара по обратным и некорректно поставленным задачам},
	Address = {РУДН, Москва},
	Year = {2015},
	Pages = {165--166},
	language={russian}
}

%ok
@article{Mfth2015vgltu,
	Author = {И.~Р.~Муфтахов},
	Title = {Об одном численном методе решения систем линейных интегральных уравнений Вольтерра первого рода},
	journal = {Актуальные направления научных исследований XXI века: теория и практика},
	volume={3},
	number={7-2 (18-2)},
	Address = {ВГЛТУ, Воронеж},
	Year = {2015},
	Pages = {252--255},
	language={russian}
}