@STRING{ildar = {I.~R.~Muftahov}}
@STRING{ildarr = {И.~Р.~Муфтахов}}
@STRING{difur = {Дифференциальные уравнения}}

%ok
@inmisc{MfthSid2015Svd,
author = {И.~Р.~Муфтахов and Д.~Н.~Сидоров},
title ={Программная система анализа и сравнения результатов численных решений линейных интегральных уравнений Вольтерра первого рода с разрывными ядрами: свидетельство 2015614744},
 howpublished = {Правообладатель ФГБОУ ВО <<Иркутский национальный исследовательский технический университет>>. Реестр программ для ЭВМ.},
year = {2015}, 
language={russian},
note = {заявл. 04.06.2015, зарегистр. 01.09.2015}
}

%ok
@article{SidorovMuftahov2015ISU,
  title={О роли метода возмущений и теоремы Банаха - Штейнгауза в вопросах регуляризации линейных уравнений первого рода},
  author={Н. А.~Сидоров and Д. Н.~Сидоров and И. Р.~Муфтахов},
  journal={Известия Иркутского государственного университета. Серия: Математика},
  volume={14},
  pages={82--99},
  year={2015},
  language = {russian}
}

%ok
@article{SidorovMuftahov2016ISU,
  title={О регуляризации по Лаврентьеву интегральных уравнений первого рода в пространстве непрерывных функций},
  author={И. Р.~Муфтахов and Д. Н.~Сидоров and Н. А.~Сидоров},
  journal={Известия Иркутского государственного университета. Серия: Математика},
  volume={15},
  pages={62--77},
  year={2016},
  language = {russian}
}

%ok
@article{SidorovTyndaMuftahov,
  title={Численное решение интегральных уравнений Вольтерра {I} рода с кусочно-непрерывными ядрами},
  author={Д. Н.~Сидоров and А. Н.~Тында and И. Р.~Муфтахов},
  journal={Вестник Южно-Уральского государственного университета. Серия: Математическое моделирование и программирование},
  volume={7},
  number={3},
  pages={107--115},
  year={2014},
  language = {russian}
}

%ok
@article{sid2015,
  title={On perturbation method for the first kind equations: regularization and applications},
  author={I. R. Muftahov and D. N. Sidorov and N. A. Sidorov},
  journal={Bul. of the South Ural State University. Ser. ''Math. Model., Programming and Comp. Software''},	
  volume={8},
  number={2},
  year={2015},
  pages={69--80},
  language = {english}
}

%ok
@article{MfthSid2016,
  title={Solvability and numerical solutions of systems of nonlinear {V}olterra integral equations of the first kind with piecewise continuous kernels},
  author={I. R. Muftahov and D. N. Sidorov},
  journal={Bul. of the South Ural State University. Ser. ''Math. Model., Programming and Comp. Software''},	
  volume={9},
  number={1},
  year={2016},
  pages={130--136},
  language = {english}
}